
@article{gelman_prior_2006,
  title = {Prior distributions for variance parameters in hierarchical models (comment on article by {{Browne}} and {{Draper}})},
  volume = {1},
  timestamp = {2016-08-24T23:55:31Z},
  number = {3},
  journal = {Bayesian analysis},
  author = {Gelman, Andrew},
  year = {2006},
  pages = {515--534}
}

@article{barndorff1982normal,
  title = {Normal variance-mean mixtures and z distributions},
  volume = {50},
  timestamp = {2016-08-24T23:58:57Z},
  journal = {International Statistical Review/Revue Internationale de Statistique},
  author = {Barndorff-Nielsen, O and Kent, John and S\o{}rensen, Michael},
  year = {1982},
  pages = {145--159}
}

@article{polson_halfcauchy_2012,
  title = {On the {{Half-Cauchy Prior}} for a {{Global Scale Parameter}}},
  volume = {7},
  issn = {1936-0975},
  doi = {10.1214/12-BA730},
  language = {en},
  timestamp = {2016-08-24T23:55:14Z},
  number = {4},
  urldate = {2015-06-13},
  journal = {Bayesian Analysis},
  author = {Polson, Nicholas G. and Scott, James G.},
  month = dec,
  year = {2012},
  keywords = {Hierarchical models,Normal scale mixtures,shrinkage},
  pages = {887--902}
}

@article{polson_data_2013,
  title = {Data augmentation for non-{{Gaussian}} regression models using variance-mean mixtures},
  volume = {100},
  issn = {00063444},
  doi = {10.1093/biomet/ass081},
  timestamp = {2016-08-24T23:53:03Z},
  number = {2},
  journal = {Biometrika},
  author = {Polson, Nicholas G. and Scott, James G.},
  year = {2013},
  keywords = {Data augmentation,Expectation-maximization,sparsity,Variance-mean mixture of normals},
  pages = {459--471}
}

@article{polson_data_2011,
  title = {Data augmentation for support vector machines},
  volume = {6},
  timestamp = {2016-08-24T23:53:08Z},
  number = {1},
  urldate = {2015-07-20},
  journal = {Bayesian Analysis},
  author = {Polson, Nicholas G. and Scott, Steven L. and {others}},
  year = {2011},
  pages = {1--23}
}

@article{andrews_scale_1974,
  title = {Scale mixtures of normal distributions},
  volume = {36},
  issn = {00359246},
  doi = {10.2307/2984774},
  timestamp = {2016-08-24T23:55:47Z},
  number = {1},
  journal = {Journal of the Royal Statistical Society Series B Methodological},
  author = {Andrews, D.F. and Mallows, C.L.},
  year = {1974},
  keywords = {gaussian scale mixtures,scale mixtures},
  pages = {99--102}
}

@article{polson_bayesian_2013,
  title = {Bayesian inference for logistic models using {{P{\'o}lya\textendash{}Gamma}} latent variables},
  volume = {108},
  timestamp = {2016-08-25T00:42:27Z},
  number = {504},
  urldate = {2015-07-24},
  journal = {Journal of the American Statistical Association},
  author = {Polson, Nicholas G. and Scott, James G. and Windle, Jesse},
  year = {2013},
  keywords = {logistic regression,polya-gamma},
  pages = {1339--1349}
}

@article{polson_bayesian_2014,
  title = {The {{Bayesian}} bridge},
  volume = {76},
  issn = {14679868},
  doi = {10.1111/rssb.12042},
  timestamp = {2016-08-24T23:55:55Z},
  number = {4},
  journal = {Journal of the Royal Statistical Society. Series B: Statistical Methodology},
  author = {Polson, Nicholas G. and Scott, James G. and Windle, Jesse},
  year = {2014},
  keywords = {bayesian methods,Bridge estimator,Data augmentation,Prior distributions,sparsity},
  pages = {713--733}
}

@article{amdeberhan_cauchy-schlomilch_2010,
  title = {The {{Cauchy-Schlomilch}} transformation},
  timestamp = {2016-08-24T23:56:05Z},
  archivePrefix = {arXiv},
  eprinttype = {arxiv},
  eprint = {1004.2445},
  primaryClass = {math},
  urldate = {2016-05-04},
  journal = {arXiv:1004.2445 [math]},
  author = {Amdeberhan, T. and Glasser, M. L. and Jones, M. C. and Moll, V. H. and Posey, R. and Varela, D.},
  month = apr,
  year = {2010},
  keywords = {33,Mathematics - Classical Analysis and ODEs}
}

@article{jones_distributions_2010,
  title = {Distributions generated by transformation of scale using an extended {{Cauchy-Schl{\"o}milch}} transformation},
  volume = {72},
  timestamp = {2016-08-24T23:53:56Z},
  number = {2},
  urldate = {2016-04-20},
  journal = {Sankhya A},
  author = {Jones, M. C.},
  year = {2010},
  pages = {359--375}
}

@article{jones_generating_2014,
  title = {Generating distributions by transformation of scale},
  volume = {24},
  timestamp = {2016-08-24T23:54:07Z},
  urldate = {2016-04-20},
  journal = {Statist. Sinica},
  author = {Jones, M. C.},
  year = {2014},
  keywords = {composite functions,composition of densities,density transformation},
  pages = {749--772}
}

@article{bhadra_default_2016,
  title = {Default {{Bayesian Analysis}} with {{Global-Local Shrinkage Priors}}},
  timestamp = {2016-08-24T23:53:37Z},
  urldate = {2016-05-05},
  journal = {Biometrika (to appear)},
  author = {Bhadra, Anindya and Datta, Jyotishka and Polson, Nicholas G. and Willard, Brandon T.},
  year = {2016},
  keywords = {default bayes,james-stein,shrinkage}
}

@article{levy1940certains,
  title = {Sur certains processus stochastiques homog{\`e}nes},
  volume = {7},
  timestamp = {2016-08-24T21:12:49Z},
  journal = {Compositio mathematica},
  author = {L{\'e}vy, Paul},
  year = {1940},
  pages = {283--339}
}

@article{barndorff1977infinite,
  title = {Infinite divisibility of the hyperbolic and generalized inverse {{Gaussian}} distributions},
  volume = {38},
  timestamp = {2016-08-24T21:12:49Z},
  number = {4},
  journal = {Probability Theory and Related Fields},
  author = {Barndorff-Nielsen, Ole and Halgreen, Christian},
  year = {1977},
  pages = {309--311}
}

@incollection{seshadri1997halphen,
author = {Seshadri, V.},
title = {Halphen's Laws},
booktitle = {Encyclopedia of Statistical Sciences},
publisher = {John Wiley and Sons, Inc.},
isbn = {9780471667193},
url = {http://dx.doi.org/10.1002/0471667196.ess0304.pub2},
doi = {10.1002/0471667196.ess0304.pub2},
year = {2004},
}

@article{hans2011comment,
  title = {Comment on {{Article}} by {{Polson}} and {{Scott}}},
  volume = {6},
  timestamp = {2016-08-24T21:12:49Z},
  number = {1},
  journal = {Bayesian Analysis},
  author = {Hans, Chris},
  year = {2011},
  pages = {37--41}
}

@inproceedings{chaubey2010reciprocal,
  title = {Reciprocal symmetry, unimodality and {{Khintchine}}'s theorem},
  volume = {466},
  timestamp = {2016-08-24T21:12:49Z},
  booktitle = {Proceedings of the {{Royal Society}} of {{London A}}: {{Mathematical}}, {{Physical}} and {{Engineering Sciences}}},
  publisher = {{The Royal Society}},
  author = {Chaubey, Yogendra P and Mudholkar, Govind S and Jones, MC},
  year = {2010},
  pages = {2079--2096}
}

@article{boros2006irresistible,
  title = {Irresistible integrals: symbolics, analysis and experiments in the evaluation of integrals},
  volume = {28},
  timestamp = {2016-08-24T21:12:49Z},
  number = {3},
  journal = {The Mathematical Intelligencer},
  author = {Boros, George and Moll, Victor H and Foncannon, JJ},
  year = {2006},
  pages = {65--68}
}

@article{baker2008probabilistic,
  title = {Probabilistic applications of the {{Schl{\"o}milch}} transformation},
  volume = {37},
  timestamp = {2016-08-24T21:12:49Z},
  number = {14},
  journal = {Communications in Statistics -- Theory and Methods},
  author = {Baker, Rose},
  year = {2008},
  pages = {2162--2176}
}

@article{jones2012khintchine,
  title = {On {{Khintchine}}'s theorem and its place in random variate generation},
  volume = {16}, 
  number = {4},
  timestamp = {2016-08-24T21:12:49Z},
  journal = {The American Statistician},
  author = {Jones, MC},
  year = {2002},
  pages = {304--307}
 }

@article{bryson1982constructing,
  title = {Constructing and simulating multivariate distributions using {{Khintchine}}'s theorem},
  volume = {16},
  timestamp = {2016-08-24T21:12:49Z},
  number = {2},
  journal = {Journal of Statistical Computation and Simulation},
  author = {Bryson, Maurice C and Johnson, Mark E},
  year = {1982},
  pages = {129--137}
}

@article{zhang2014uniform,
  title = {Uniform {{Correlation Mixture}} of {{Bivariate Normal Distributions}} and {{Hypercubically Contoured Densities That Are Marginally Normal}}},
  volume = {68},
  timestamp = {2016-08-24T21:12:49Z},
  number = {3},
  journal = {The American Statistician},
  author = {Zhang, Kai and Brown, Lawrence D and George, Edward and Zhao, Linda},
  year = {2014},
  pages = {183--187}
}

@article{pillai2015unexpected,
  title = {An unexpected encounter with {{Cauchy}} and {{L}}\ensuremath{\backslash}'evy},
  timestamp = {2016-08-24T21:12:49Z},
  journal = {Annals of Statistics (to appear)},
  author = {Pillai, Natesh S and Meng, Xiao-Li},
  year = {2016}
}

@article{arnold2009some,
  title = {Some {{New Independence Properties}} of the {{Inverse Gaussian Law}}},
  timestamp = {2016-08-24T21:12:49Z},
  journal = {Sankhy{\=a}: The Indian Journal of Statistics, Series A (2008-)},
  author = {Arnold, Barry C and Seshadri, V},
  year = {2009},
  pages = {94--108}
}

@article{gradshteyn1980table,
  title = {Table of {{Series Integrals}} and {{Products}}},
  timestamp = {2016-08-24T21:12:49Z},
  journal = {Corrected and enlarged edition Academic Press, New York},
  author = {Gradshteyn, IS and Ryzhik, IM},
  year = {1980}
}

@article{bhadra2015horseshoe+,
  title = {The {{Horseshoe}}+ {{Estimator}} of {{Ultra-Sparse Signals}}},
  journal = {Bayesian Analysis (to appear)},
  author = {Bhadra, Anindya and Datta, Jyotishka and Polson, Nicholas G and Willard, Brandon},
  year = {2016},
}

@book{jeffreys61,
  series = {Third edition},
  title = {Theory of probability},
  timestamp = {2016-08-24T21:12:49Z},
  publisher = {{Clarendon Press, Oxford}},
  author = {Jeffreys, H.},
  year = {1961},
  mrclass = {60.00},
  mrnumber = {0187257 (32 \#4710)}
}

@techreport{palmer_amica:_2011,
  title = {{{AMICA}}: {{An}} adaptive mixture of independent component analyzers with shared components},
  shorttitle = {{{AMICA}}},
  timestamp = {2016-08-24T21:33:30Z},
  urldate = {2016-08-24},
  institution = {San Diego, CA: Technical report, Swartz Center for Computational Neuroscience},
  author = {Palmer, Jason A. and Kreutz-Delgado, Ken and Makeig, Scott},
  year = {2011}
}


